%% This BibTeX bibliography file was created using BibDesk.
%% https://bibdesk.sourceforge.io/

%% Created for Eric Hall (Staff) at 2025-08-19 17:02:30 +0100 


%% Saved with string encoding Unicode (UTF-8) 



@book{Zeitz:2016ps,
	author = {Zeitz, Paul},
	date-added = {2025-08-19 16:30:21 +0100},
	date-modified = {2025-08-19 16:54:09 +0100},
	edition = {3rd},
	keywords = {problem solving},
	publisher = {Wiley},
	title = {The Art and Craft of Problem Solving},
	year = {2016},
	bdsk-file-1 = {YnBsaXN0MDDSAQIDBFxyZWxhdGl2ZVBhdGhYYm9va21hcmtfEHguLi8uLi9MaWJyYXJ5L0Nsb3VkU3RvcmFnZS9PbmVEcml2ZS1Vbml2ZXJzaXR5b2ZEdW5kZWUvQmlibGlvZ3JhcGh5L1plaXR6L1RoZSBBcnQgYW5kIENyYWZ0IG9mIFByb2JsZW0gU29sdmluZygyMDE2KS5wZGZPEQVIYm9va0gFAAAAAAQQMAAAAAAAAAAAAAAAAAAAAAAAAAAAAAAAAAAAAAAAAAAAAAAALAQAAAUAAAABAQAAVXNlcnMAAAAIAAAAAQEAAGVoYWxsMDAxBwAAAAEBAABMaWJyYXJ5AAwAAAABAQAAQ2xvdWRTdG9yYWdlGwAAAAEBAABPbmVEcml2ZS1Vbml2ZXJzaXR5b2ZEdW5kZWUADAAAAAEBAABCaWJsaW9ncmFwaHkFAAAAAQEAAFplaXR6AAAALgAAAAEBAABUaGUgQXJ0IGFuZCBDcmFmdCBvZiBQcm9ibGVtIFNvbHZpbmcoMjAxNikucGRmAAAgAAAAAQYAAAQAAAAUAAAAJAAAADQAAABIAAAAbAAAAIAAAACQAAAACAAAAAQDAABtTwAAAAAAAAgAAAAEAwAAkoAAAAAAAAAIAAAABAMAAKGAAAAAAAAACAAAAAQDAAAVhAgAAAAAAAgAAAAEAwAAOX8SAAAAAAAIAAAABAMAAECEEgAAAAAACAAAAAQDAACi030IAAAAAAgAAAAEAwAA+r99CAAAAAAgAAAAAQYAAPAAAAAAAQAAEAEAACABAAAwAQAAQAEAAFABAABgAQAACAAAAAAEAABBxypn4zf2axgAAAABAgAAAQAAAAAAAAAPAAAAAAAAAAAAAAAAAAAACAAAAAQDAAAGAAAAAAAAAAQAAAADAwAA9gEAAAgAAAABCQAAZmlsZTovLy8MAAAAAQEAAE1hY2ludG9zaCBIRAgAAAAEAwAAAJCClucAAAAIAAAAAAQAAEHHFbB+AAAAJAAAAAEBAABBODM0MDRBNC04MDFCLTRGM0YtODdGNy1FNzQyMzM0Qjg4NzgYAAAAAQIAAIEAAAABAAAA7xMAAAEAAAAAAAAAAAAAAAEAAAABAQAALwAAAAAAAAABBQAAGgAAAAEBAABOU1VSTERvY3VtZW50SWRlbnRpZmllcktleQAABAAAAAMDAAAmXwUANAEAAAECAAA4ZGE2NjNlNjA4MTA3ZDA4ZDRlYzJjNDk0ODU0Njc3MjAyMDU0NzNiNTBiZjUyYTM1YjcwNjUzNDBjZGI0MmY5OzAwOzAwMDAwMDAwOzAwMDAwMDAwOzAwMDAwMDAwOzAwMDAwMDAwMDAwMDAwMjA7Y29tLmFwcGxlLmFwcC1zYW5kYm94LnJlYWQtd3JpdGU7MDE7MDEwMDAwMGU7MDAwMDAwMDAwODdkYmZmYTs2ZTsvdXNlcnMvZWhhbGwwMDEvbGlicmFyeS9jbG91ZHN0b3JhZ2Uvb25lZHJpdmUtdW5pdmVyc2l0eW9mZHVuZGVlL2JpYmxpb2dyYXBoeS96ZWl0ei90aGUgYXJ0IGFuZCBjcmFmdCBvZiBwcm9ibGVtIHNvbHZpbmcoMjAxNikucGRmAC8AAAABAQAATlNVUkxCb29rbWFya1F1YXJhbnRpbmVNb3VudGVkTmV0d29ya1ZvbHVtZXNLZXkA5AAAAP7///8BAAAAAAAAABIAAAAEEAAAyAAAAAAAAAAFEAAAcAEAAAAAAAAQEAAAqAEAAAAAAABAEAAAmAEAAAAAAAACIAAAdAIAAAAAAAAFIAAA5AEAAAAAAAAQIAAA9AEAAAAAAAARIAAAKAIAAAAAAAASIAAACAIAAAAAAAATIAAAGAIAAAAAAAAgIAAAVAIAAAAAAAAwIAAAgAIAAAAAAAABwAAAyAEAAAAAAAARwAAAFAAAAAAAAAASwAAA2AEAAAAAAACA8AAAuAIAAAAAAACIAgCArAIAAAAAAAD0AwCAgAIAAAAAAAAACAANABoAIwCeAAAAAAAAAgEAAAAAAAAABQAAAAAAAAAAAAAAAAAABeo=}}

@book{Schoenfeld:1985ps,
	author = {Schoenfeld, Alan H.},
	date-added = {2025-08-19 10:38:03 +0100},
	date-modified = {2025-08-19 10:39:07 +0100},
	doi = {10.1016/C2013-0-05012-8},
	keywords = {problem solving},
	publisher = {Academic Press},
	title = {Mathematical Problem Solving},
	year = {1985},
	bdsk-file-1 = {YnBsaXN0MDDSAQIDBFxyZWxhdGl2ZVBhdGhYYm9va21hcmtfEHUuLi8uLi9MaWJyYXJ5L0Nsb3VkU3RvcmFnZS9PbmVEcml2ZS1Vbml2ZXJzaXR5b2ZEdW5kZWUvQmlibGlvZ3JhcGh5L1NjaG9lbmZlbGQvTWF0aGVtYXRpY2FsIFByb2JsZW0gU29sdmluZygxOTg1KS5wZGZPEQVEYm9va0QFAAAAAAQQMAAAAAAAAAAAAAAAAAAAAAAAAAAAAAAAAAAAAAAAAAAAAAAAKAQAAAUAAAABAQAAVXNlcnMAAAAIAAAAAQEAAGVoYWxsMDAxBwAAAAEBAABMaWJyYXJ5AAwAAAABAQAAQ2xvdWRTdG9yYWdlGwAAAAEBAABPbmVEcml2ZS1Vbml2ZXJzaXR5b2ZEdW5kZWUADAAAAAEBAABCaWJsaW9ncmFwaHkKAAAAAQEAAFNjaG9lbmZlbGQAACYAAAABAQAATWF0aGVtYXRpY2FsIFByb2JsZW0gU29sdmluZygxOTg1KS5wZGYAACAAAAABBgAABAAAABQAAAAkAAAANAAAAEgAAABsAAAAgAAAAJQAAAAIAAAABAMAAG1PAAAAAAAACAAAAAQDAACSgAAAAAAAAAgAAAAEAwAAoYAAAAAAAAAIAAAABAMAABWECAAAAAAACAAAAAQDAAA5fxIAAAAAAAgAAAAEAwAAQIQSAAAAAAAIAAAABAMAAMBgewgAAAAACAAAAAQDAACcNt0HAAAAACAAAAABBgAA7AAAAPwAAAAMAQAAHAEAACwBAAA8AQAATAEAAFwBAAAIAAAAAAQAAEHHJ8YlualBGAAAAAECAAABAAAAAAAAAA8AAAAAAAAAAAAAAAAAAAAIAAAABAMAAAYAAAAAAAAABAAAAAMDAAD2AQAACAAAAAEJAABmaWxlOi8vLwwAAAABAQAATWFjaW50b3NoIEhECAAAAAQDAAAAkIKW5wAAAAgAAAAABAAAQccVsH4AAAAkAAAAAQEAAEE4MzQwNEE0LTgwMUItNEYzRi04N0Y3LUU3NDIzMzRCODg3OBgAAAABAgAAgQAAAAEAAADvEwAAAQAAAAAAAAAAAAAAAQAAAAEBAAAvAAAAAAAAAAEFAAAaAAAAAQEAAE5TVVJMRG9jdW1lbnRJZGVudGlmaWVyS2V5AAAEAAAAAwMAABdfBQAxAQAAAQIAAGEzYjg5ZjVhMjBmYjEwMThmY2ViNDkyOTE0MzIxZTc0NGJkMTQzMGNmOTI0ZDUxMmI1NGIyNGE5NDliYzYzOGM7MDA7MDAwMDAwMDA7MDAwMDAwMDA7MDAwMDAwMDA7MDAwMDAwMDAwMDAwMDAyMDtjb20uYXBwbGUuYXBwLXNhbmRib3gucmVhZC13cml0ZTswMTswMTAwMDAwZTswMDAwMDAwMDA3ZGQzNjljOzZlOy91c2Vycy9laGFsbDAwMS9saWJyYXJ5L2Nsb3Vkc3RvcmFnZS9vbmVkcml2ZS11bml2ZXJzaXR5b2ZkdW5kZWUvYmlibGlvZ3JhcGh5L3NjaG9lbmZlbGQvbWF0aGVtYXRpY2FsIHByb2JsZW0gc29sdmluZygxOTg1KS5wZGYAAAAALwAAAAEBAABOU1VSTEJvb2ttYXJrUXVhcmFudGluZU1vdW50ZWROZXR3b3JrVm9sdW1lc0tleQDkAAAA/v///wEAAAAAAAAAEgAAAAQQAADEAAAAAAAAAAUQAABsAQAAAAAAABAQAACkAQAAAAAAAEAQAACUAQAAAAAAAAIgAABwAgAAAAAAAAUgAADgAQAAAAAAABAgAADwAQAAAAAAABEgAAAkAgAAAAAAABIgAAAEAgAAAAAAABMgAAAUAgAAAAAAACAgAABQAgAAAAAAADAgAAB8AgAAAAAAAAHAAADEAQAAAAAAABHAAAAUAAAAAAAAABLAAADUAQAAAAAAAIDwAAC0AgAAAAAAAIQCAICoAgAAAAAAAPADAIB8AgAAAAAAAAAIAA0AGgAjAJsAAAAAAAACAQAAAAAAAAAFAAAAAAAAAAAAAAAAAAAF4w==}}

@book{Polya:1954oi,
	address = {Princeton, NJ},
	author = {George P{\'o}lya},
	date-added = {2025-08-19 14:53:17 +0100},
	date-modified = {2025-08-19 14:57:42 +0100},
	keywords = {problem solving},
	publisher = {Princeton University Press},
	title = {Mathematics and Plausible Reasoning, Volume 1: Induction and Analogy in Mathematics},
	year = {1954}}

@book{Polya:1954ii,
	address = {Princeton, NJ},
	author = {George P{\'o}lya},
	date-added = {2025-08-19 14:55:14 +0100},
	date-modified = {2025-08-19 14:57:47 +0100},
	keywords = {problem solving},
	publisher = {Princeton University Press},
	title = {Mathematics and Plausible Reasoning, Volume 2: Logic, Symbolic and mathematical},
	year = {1954}}

@book{Polya:1945hu,
	author = {George P{\'o}lya},
	date-added = {2025-07-20 23:32:34 +0100},
	date-modified = {2025-08-19 11:25:25 +0100},
	keywords = {heuristic, problem solving},
	publisher = {Princeton University Press},
	title = {{How to Solve It}},
	year = {1945},
	bdsk-file-1 = {YnBsaXN0MDDSAQIDBFxyZWxhdGl2ZVBhdGhYYm9va21hcmtfEGMuLi8uLi9MaWJyYXJ5L0Nsb3VkU3RvcmFnZS9PbmVEcml2ZS1Vbml2ZXJzaXR5b2ZEdW5kZWUvQmlibGlvZ3JhcGh5L1BvbHlhL0hvdyB0byBTb2x2ZSBJdCgxOTQ1KS5wZGZPEQUgYm9vayAFAAAAAAQQMAAAAAAAAAAAAAAAAAAAAAAAAAAAAAAAAAAAAAAAAAAAAAAABAQAAAUAAAABAQAAVXNlcnMAAAAIAAAAAQEAAGVoYWxsMDAxBwAAAAEBAABMaWJyYXJ5AAwAAAABAQAAQ2xvdWRTdG9yYWdlGwAAAAEBAABPbmVEcml2ZS1Vbml2ZXJzaXR5b2ZEdW5kZWUADAAAAAEBAABCaWJsaW9ncmFwaHkFAAAAAQEAAFBvbHlhAAAAGQAAAAEBAABIb3cgdG8gU29sdmUgSXQoMTk0NSkucGRmAAAAIAAAAAEGAAAEAAAAFAAAACQAAAA0AAAASAAAAGwAAACAAAAAkAAAAAgAAAAEAwAAbU8AAAAAAAAIAAAABAMAAJKAAAAAAAAACAAAAAQDAAChgAAAAAAAAAgAAAAEAwAAFYQIAAAAAAAIAAAABAMAADl/EgAAAAAACAAAAAQDAABAhBIAAAAAAAgAAAAEAwAAd3U+BQAAAAAIAAAABAMAAAT8QAQAAAAAIAAAAAEGAADcAAAA7AAAAPwAAAAMAQAAHAEAACwBAAA8AQAATAEAAAgAAAAABAAAQcbzBUdByvAYAAAAAQIAAAEAAAAAAAAADwAAAAAAAAAAAAAAAAAAAAgAAAAEAwAABgAAAAAAAAAEAAAAAwMAAPYBAAAIAAAAAQkAAGZpbGU6Ly8vDAAAAAEBAABNYWNpbnRvc2ggSEQIAAAABAMAAACQgpbnAAAACAAAAAAEAABBxxWwfgAAACQAAAABAQAAQTgzNDA0QTQtODAxQi00RjNGLTg3RjctRTc0MjMzNEI4ODc4GAAAAAECAACBAAAAAQAAAO8TAAABAAAAAAAAAAAAAAABAAAAAQEAAC8AAAAAAAAAAQUAABoAAAABAQAATlNVUkxEb2N1bWVudElkZW50aWZpZXJLZXkAAAQAAAADAwAAw1cFAB8BAAABAgAAY2QyYzdkNzBmYTYwMTRkZDZkNzI2MWNkOWE2YjU1YzA1OWI3MmQ1NjNjYzk4ZTZhN2VmOTE0NGRkOWY5MTkzMDswMDswMDAwMDAwMDswMDAwMDAwMDswMDAwMDAwMDswMDAwMDAwMDAwMDAwMDIwO2NvbS5hcHBsZS5hcHAtc2FuZGJveC5yZWFkLXdyaXRlOzAxOzAxMDAwMDBlOzAwMDAwMDAwMDQ0MGZjMDQ7NmU7L3VzZXJzL2VoYWxsMDAxL2xpYnJhcnkvY2xvdWRzdG9yYWdlL29uZWRyaXZlLXVuaXZlcnNpdHlvZmR1bmRlZS9iaWJsaW9ncmFwaHkvcG9seWEvaG93IHRvIHNvbHZlIGl0KDE5NDUpLnBkZgAALwAAAAEBAABOU1VSTEJvb2ttYXJrUXVhcmFudGluZU1vdW50ZWROZXR3b3JrVm9sdW1lc0tleQDkAAAA/v///wEAAAAAAAAAEgAAAAQQAAC0AAAAAAAAAAUQAABcAQAAAAAAABAQAACUAQAAAAAAAEAQAACEAQAAAAAAAAIgAABgAgAAAAAAAAUgAADQAQAAAAAAABAgAADgAQAAAAAAABEgAAAUAgAAAAAAABIgAAD0AQAAAAAAABMgAAAEAgAAAAAAACAgAABAAgAAAAAAADAgAABsAgAAAAAAAAHAAAC0AQAAAAAAABHAAAAUAAAAAAAAABLAAADEAQAAAAAAAIDwAACkAgAAAAAAAHQCAICYAgAAAAAAAMwDAIBsAgAAAAAAAAAIAA0AGgAjAIkAAAAAAAACAQAAAAAAAAAFAAAAAAAAAAAAAAAAAAAFrQ==}}

@book{OED:1989ps,
	address = {Oxford},
	date-added = {2025-08-19 11:07:51 +0100},
	date-modified = {2025-08-19 11:09:06 +0100},
	edition = {2nd},
	note = {s.v. ``Problem.''},
	publisher = {Oxford University Press},
	title = {Oxford English Dictionary},
	year = {1989}}

@book{MichalewiczFogel:2004hu,
	address = {Berlin, Heidelberg},
	author = {Michalewicz, Zbigniew and Fogel, David B.},
	date-added = {2025-07-20 23:35:02 +0100},
	date-modified = {2025-07-20 23:52:26 +0100},
	doi = {10.1007/978-3-662-07807-5},
	edition = {2},
	keywords = {heuristic, problem solving},
	publisher = {Springer},
	title = {{How to Solve It: Modern Heuristics}},
	year = {2004},
	bdsk-url-1 = {https://doi.org/10.1007/978-3-662-07807-5}}

@book{Mahajan:2010ps,
	abstract = {An antidote to mathematical rigor mortis, teaching how to guess answers without needing a proof or an exact calculation.In problem solving, as in street fighting, rules are for fools: do whatever works---don't just stand there! Yet we often fear an unjustified leap even though it may land us on a correct result. Traditional mathematics teaching is largely about solving exactly stated problems exactly, yet life often hands us partly defined problems needing only moderately accurate solutions. This engaging book is an antidote to the rigor mortis brought on by too much mathematical rigor, teaching us how to guess answers without needing a proof or an exact calculation.In Street-Fighting Mathematics, Sanjoy Mahajan builds, sharpens, and demonstrates tools for educated guessing and down-and-dirty, opportunistic problem solving across diverse fields of knowledge---from mathematics to management. Mahajan describes six tools: dimensional analysis, easy cases, lumping, picture proofs, successive approximation, and reasoning by analogy. Illustrating each tool with numerous examples, he carefully separates the tool---the general principle---from the particular application so that the reader can most easily grasp the tool itself to use on problems of particular interest. Street-Fighting Mathematics grew out of a short course taught by the author at MIT for students ranging from first-year undergraduates to graduate students ready for careers in physics, mathematics, management, electrical engineering, computer science, and biology. They benefited from an approach that avoided rigor and taught them how to use mathematics to solve real problems.Street-Fighting Mathematics will appear in print and online under a Creative Commons Noncommercial Share Alike license.},
	author = {Mahajan, Sanjoy},
	date-added = {2025-08-19 16:23:01 +0100},
	date-modified = {2025-08-19 16:23:52 +0100},
	doi = {10.7551/mitpress/7728.001.0001},
	isbn = {9780262265881},
	keywords = {problem solving, estimation},
	month = {03},
	publisher = {The MIT Press},
	title = {Street-Fighting Mathematics: The Art of Educated Guessing and Opportunistic Problem Solving},
	year = {2010},
	bdsk-file-1 = {YnBsaXN0MDDSAQIDBFxyZWxhdGl2ZVBhdGhYYm9va21hcmtfEKAuLi8uLi9MaWJyYXJ5L0Nsb3VkU3RvcmFnZS9PbmVEcml2ZS1Vbml2ZXJzaXR5b2ZEdW5kZWUvQmlibGlvZ3JhcGh5L01haGFqYW4vU3RyZWV0LUZpZ2h0aW5nIE1hdGhlbWF0aWNzIFRoZSBBcnQgb2YgRWR1Y2F0ZWQgR3Vlc3NpbmcgYW5kIE9wcG9ydHVuaXN0aWMoMjAxMCkucGRmTxEFlGJvb2uUBQAAAAAEEDAAAAAAAAAAAAAAAAAAAAAAAAAAAAAAAAAAAAAAAAAAAAAAAHgEAAAFAAAAAQEAAFVzZXJzAAAACAAAAAEBAABlaGFsbDAwMQcAAAABAQAATGlicmFyeQAMAAAAAQEAAENsb3VkU3RvcmFnZRsAAAABAQAAT25lRHJpdmUtVW5pdmVyc2l0eW9mRHVuZGVlAAwAAAABAQAAQmlibGlvZ3JhcGh5BwAAAAEBAABNYWhhamFuAFQAAAABAQAAU3RyZWV0LUZpZ2h0aW5nIE1hdGhlbWF0aWNzIFRoZSBBcnQgb2YgRWR1Y2F0ZWQgR3Vlc3NpbmcgYW5kIE9wcG9ydHVuaXN0aWMoMjAxMCkucGRmIAAAAAEGAAAEAAAAFAAAACQAAAA0AAAASAAAAGwAAACAAAAAkAAAAAgAAAAEAwAAbU8AAAAAAAAIAAAABAMAAJKAAAAAAAAACAAAAAQDAAChgAAAAAAAAAgAAAAEAwAAFYQIAAAAAAAIAAAABAMAADl/EgAAAAAACAAAAAQDAABAhBIAAAAAAAgAAAAEAwAA9bh9CAAAAAAIAAAABAMAAO63fQgAAAAAIAAAAAEGAAAUAQAAJAEAADQBAABEAQAAVAEAAGQBAAB0AQAAhAEAAAgAAAAABAAAQccqZx9ughkYAAAAAQIAAAEAAAAAAAAADwAAAAAAAAAAAAAAAAAAAAgAAAAEAwAABgAAAAAAAAAEAAAAAwMAAPYBAAAIAAAAAQkAAGZpbGU6Ly8vDAAAAAEBAABNYWNpbnRvc2ggSEQIAAAABAMAAACQgpbnAAAACAAAAAAEAABBxxWwfgAAACQAAAABAQAAQTgzNDA0QTQtODAxQi00RjNGLTg3RjctRTc0MjMzNEI4ODc4GAAAAAECAACBAAAAAQAAAO8TAAABAAAAAAAAAAAAAAABAAAAAQEAAC8AAAAAAAAAAQUAABoAAAABAQAATlNVUkxEb2N1bWVudElkZW50aWZpZXJLZXkAAAQAAAADAwAAJF8FAFwBAAABAgAANDlmMzdjYTg3MTM4M2NlYmI3NzM1NzdjMmRhMzQzMTZkZDg2OTc5YWIwZThhNDJkNWQyNDAwZDU4YzA0MjNlMTswMDswMDAwMDAwMDswMDAwMDAwMDswMDAwMDAwMDswMDAwMDAwMDAwMDAwMDIwO2NvbS5hcHBsZS5hcHAtc2FuZGJveC5yZWFkLXdyaXRlOzAxOzAxMDAwMDBlOzAwMDAwMDAwMDg3ZGI3ZWU7NmU7L3VzZXJzL2VoYWxsMDAxL2xpYnJhcnkvY2xvdWRzdG9yYWdlL29uZWRyaXZlLXVuaXZlcnNpdHlvZmR1bmRlZS9iaWJsaW9ncmFwaHkvbWFoYWphbi9zdHJlZXQtZmlnaHRpbmcgbWF0aGVtYXRpY3MgdGhlIGFydCBvZiBlZHVjYXRlZCBndWVzc2luZyBhbmQgb3Bwb3J0dW5pc3RpYygyMDEwKS5wZGYALwAAAAEBAABOU1VSTEJvb2ttYXJrUXVhcmFudGluZU1vdW50ZWROZXR3b3JrVm9sdW1lc0tleQDkAAAA/v///wEAAAAAAAAAEgAAAAQQAADsAAAAAAAAAAUQAACUAQAAAAAAABAQAADMAQAAAAAAAEAQAAC8AQAAAAAAAAIgAACYAgAAAAAAAAUgAAAIAgAAAAAAABAgAAAYAgAAAAAAABEgAABMAgAAAAAAABIgAAAsAgAAAAAAABMgAAA8AgAAAAAAACAgAAB4AgAAAAAAADAgAACkAgAAAAAAAAHAAADsAQAAAAAAABHAAAAUAAAAAAAAABLAAAD8AQAAAAAAAIDwAADcAgAAAAAAAKwCAIDQAgAAAAAAAEAEAICkAgAAAAAAAAAIAA0AGgAjAMYAAAAAAAACAQAAAAAAAAAFAAAAAAAAAAAAAAAAAAAGXg==},
	bdsk-url-1 = {https://doi.org/10.7551/mitpress/7728.001.0001}}

@article{Halmos:1980ps,
	author = {Halmos, P.  R. },
	date-added = {2025-08-19 10:35:44 +0100},
	date-modified = {2025-08-19 10:36:10 +0100},
	doi = {10.2307/2321415},
	journal = {The American Mathematical Monthly},
	keywords = {problem solving},
	number = {7},
	pages = {519--524},
	title = {The Heart of Mathematics},
	volume = {87},
	year = {1980},
	bdsk-file-1 = {YnBsaXN0MDDSAQIDBFxyZWxhdGl2ZVBhdGhYYm9va21hcmtfEG0uLi8uLi9MaWJyYXJ5L0Nsb3VkU3RvcmFnZS9PbmVEcml2ZS1Vbml2ZXJzaXR5b2ZEdW5kZWUvQmlibGlvZ3JhcGh5L0hhbG1vcy9UaGUgSGVhcnQgb2YgTWF0aGVtYXRpY3MoMTk4MCkucGRmTxEFNGJvb2s0BQAAAAAEEDAAAAAAAAAAAAAAAAAAAAAAAAAAAAAAAAAAAAAAAAAAAAAAABgEAAAFAAAAAQEAAFVzZXJzAAAACAAAAAEBAABlaGFsbDAwMQcAAAABAQAATGlicmFyeQAMAAAAAQEAAENsb3VkU3RvcmFnZRsAAAABAQAAT25lRHJpdmUtVW5pdmVyc2l0eW9mRHVuZGVlAAwAAAABAQAAQmlibGlvZ3JhcGh5BgAAAAEBAABIYWxtb3MAACIAAAABAQAAVGhlIEhlYXJ0IG9mIE1hdGhlbWF0aWNzKDE5ODApLnBkZgAAIAAAAAEGAAAEAAAAFAAAACQAAAA0AAAASAAAAGwAAACAAAAAkAAAAAgAAAAEAwAAbU8AAAAAAAAIAAAABAMAAJKAAAAAAAAACAAAAAQDAAChgAAAAAAAAAgAAAAEAwAAFYQIAAAAAAAIAAAABAMAADl/EgAAAAAACAAAAAQDAABAhBIAAAAAAAgAAAAEAwAAzl17CAAAAAAIAAAABAMAAHJdewgAAAAAIAAAAAEGAADkAAAA9AAAAAQBAAAUAQAAJAEAADQBAABEAQAAVAEAAAgAAAAABAAAQccqPo8fdAgYAAAAAQIAAAEAAAAAAAAADwAAAAAAAAAAAAAAAAAAAAgAAAAEAwAABgAAAAAAAAAEAAAAAwMAAPYBAAAIAAAAAQkAAGZpbGU6Ly8vDAAAAAEBAABNYWNpbnRvc2ggSEQIAAAABAMAAACQgpbnAAAACAAAAAAEAABBxxWwfgAAACQAAAABAQAAQTgzNDA0QTQtODAxQi00RjNGLTg3RjctRTc0MjMzNEI4ODc4GAAAAAECAACBAAAAAQAAAO8TAAABAAAAAAAAAAAAAAABAAAAAQEAAC8AAAAAAAAAAQUAABoAAAABAQAATlNVUkxEb2N1bWVudElkZW50aWZpZXJLZXkAAAQAAAADAwAAHl8FACkBAAABAgAAOWU1OTcyNjYzZWJkYzE2ZDYyZmI4M2JhODA4ODRhMzUyZmRhM2NlYjBlNjJhODVmMThmODdkNWI1NTVhMTZlMTswMDswMDAwMDAwMDswMDAwMDAwMDswMDAwMDAwMDswMDAwMDAwMDAwMDAwMDIwO2NvbS5hcHBsZS5hcHAtc2FuZGJveC5yZWFkLXdyaXRlOzAxOzAxMDAwMDBlOzAwMDAwMDAwMDg3YjVkNzI7NmU7L3VzZXJzL2VoYWxsMDAxL2xpYnJhcnkvY2xvdWRzdG9yYWdlL29uZWRyaXZlLXVuaXZlcnNpdHlvZmR1bmRlZS9iaWJsaW9ncmFwaHkvaGFsbW9zL3RoZSBoZWFydCBvZiBtYXRoZW1hdGljcygxOTgwKS5wZGYAAAAALwAAAAEBAABOU1VSTEJvb2ttYXJrUXVhcmFudGluZU1vdW50ZWROZXR3b3JrVm9sdW1lc0tleQDkAAAA/v///wEAAAAAAAAAEgAAAAQQAAC8AAAAAAAAAAUQAABkAQAAAAAAABAQAACcAQAAAAAAAEAQAACMAQAAAAAAAAIgAABoAgAAAAAAAAUgAADYAQAAAAAAABAgAADoAQAAAAAAABEgAAAcAgAAAAAAABIgAAD8AQAAAAAAABMgAAAMAgAAAAAAACAgAABIAgAAAAAAADAgAAB0AgAAAAAAAAHAAAC8AQAAAAAAABHAAAAUAAAAAAAAABLAAADMAQAAAAAAAIDwAACsAgAAAAAAAHwCAICgAgAAAAAAAOADAIB0AgAAAAAAAAAIAA0AGgAjAJMAAAAAAAACAQAAAAAAAAAFAAAAAAAAAAAAAAAAAAAFyw==},
	bdsk-url-1 = {http://www.jstor.org/stable/2321415},
	bdsk-url-2 = {https://doi.org/10.2307/2321415}}

@comment{BibDesk Static Groups{
<?xml version="1.0" encoding="UTF-8"?>
<!DOCTYPE plist PUBLIC "-//Apple//DTD PLIST 1.0//EN" "http://www.apple.com/DTDs/PropertyList-1.0.dtd">
<plist version="1.0">
<array>
	<dict>
		<key>group name</key>
		<string>Collection - Information-Theoretic Methods in Data Science</string>
		<key>keys</key>
		<string>ZhaoLai:2021it,WuXu:2021it,ShakeriSarwateBajwa:2021it,Shah:2021it,ScarlettCevher:2021it,RodriguesEtAl:2021ds,RodriguesDraperBajwaEldar:2021it,RieglerBoekei:2021it,ReevesPfister:2021it,RamanVarshney:2021it,RaginskyRakhlinXu:2021it,Pilanci:2021it,PiantanidaVega:2021it,KipnisEldarGoldsmith:2021it,JalaliPoor:2021it,FeiziMerd:2021it,DingYangTarokh:2021it</string>
	</dict>
	<dict>
		<key>group name</key>
		<string>Conf - SIAMUQ24</string>
		<key>keys</key>
		<string>KleinEtAl:2022nf,BoothRenganathanGramacy:2023gp,GramacyApley:2015pg,Sauer:2023gp,BinoisGramacy:2021gp,Gramacy:2020sm,ZhangKatsoulakis:2023gm,Portone:2019mf,PlatzEtAl:2023rr,BierkensEtAl:2021bb,PanaretosZemel:2019wm,DuerschCatanach:2020kl,MarchauEtAl:2019,PesentiMillossovichTsanakas:2021sm,GauchyEtAl:2022sa,Yang:2023ps</string>
	</dict>
	<dict>
		<key>group name</key>
		<string>Dundee - adaptive MLMC rPDE</string>
		<key>keys</key>
		<string>CharrierScheichlTeckentrup:2013,TeckentrupEtAl:2013,BarthStein:2018jd,EigelEtAl:2014,EigelEtAl:2016mc,DetommasoDodwellScheichl:2019ml,BespalovRocchi:2018aa,ScarabosioEtAl:2018arxiv,BabuskaNobileTempone:2007,BabuskaTemponeZouraris:2004,BabuskaTemponeZouraris:2005uq,BabuskaCalozOsborn:1994,BarthSchwabZollinger:2011,CliffeGilesScheichlTeckentrup:2011,BabuskaOsborn:1983ge,EigelEtAl:2021pp,BespalovXu:2020ap,EigelPfefferSchneider:2017ws,BespalovPraetoriusRuggeri:2021uq,BespalovPraetoriusRuggeri:2021na,BespalovEtAl:2019rc,CrowderPowellBespalov:2019im,BespalovEtAl:2019go,BespalovRocchiSilvester:2021tb</string>
	</dict>
	<dict>
		<key>group name</key>
		<string>Dundee - DRO</string>
		<key>keys</key>
		<string>BartlEtAl:2021sa,ZhenKuhnWiesemann:2025dr,BlanchetEtAl:2023aa,JordanKinderlehrerOtto:1998vf</string>
	</dict>
	<dict>
		<key>group name</key>
		<string>Dundee - DSTL - recreating time series</string>
		<key>keys</key>
		<string>Levine:2012ac,RileyHowe:2008hb,RubiolaVernotte:2023ec,HallTaverniersEtAl:2020aa,UmHallEtAl:2019bn,KollerFriedman:2009gm,Pearl:2014ai,Pearl:2016ci,Smith:2013uq,AsmussenGlynn:2007,ShumwayStoffer:2017ts,Hamilton:1994ts,NIST:1990tn,Levine:1999fm,BoxJenkins:2015ts,HallKatsoulakis:2018hd,DupuisChowdhary:2013ae,BirrellEtAl:2022fg,Schmidt:2001fd,Percival:2003fi,Schmidt:2003fi,IchimuraEtAl:2023cl,Parker:2012uq,Arias:2012ts,GalleaniTavella:2016av,Walter:1994fs,Zhang:2008av,GalleaniEtAl:2003ce,Chaffee:1987av,BarnesEtAl:1971fs,Rutman:1978fs,Allan:1966ac,ZuccaTavella:2005cm,Guerrier:2016av,Cohen:1995tf,Ripley:1987ss</string>
	</dict>
	<dict>
		<key>group name</key>
		<string>Dundee - Entropy/Derivative Based SA</string>
		<key>keys</key>
		<string>KucherenkoIooss:2016sa,PapoulisPillai:2002pb,Yang:2025sa</string>
	</dict>
	<dict>
		<key>group name</key>
		<string>Dundee - grant - DefDec</string>
		<key>keys</key>
		<string>Cowell:2005gv,CowellEtAl:1999aa</string>
	</dict>
	<dict>
		<key>group name</key>
		<string>Dundee - grant - EPSRC New Hor</string>
		<key>keys</key>
		<string>MingGuillas:2019gp,Giles:2008,Balokas:2018nn,TripathyBilionis:2018uq,RaissiPerdikarisKarniadakis:2019pinns,ZhangLuGuoKarniadakis:2019uq,JinLuTangKarniadakis:2019aa,ZhangGuoKarniadakis:2019aa,SwischukEtAl:2019pm,SalmanidouHeidarzadehGuillas:2019se,Haji-AliNobileTempone:2016mi,Tf:2015-whitepaper,Pearl:2016ci,Pearl:2014ai,Pearl:2009ci,KollerFriedman:2009gm,UN:2019,LauAdamsGirolami:2018dc,Angelikopoulos:2012uq,Tf:2016,Pt:2019</string>
	</dict>
	<dict>
		<key>group name</key>
		<string>Dundee - grant - EPSRC Open</string>
		<key>keys</key>
		<string>DAKOTA:2009man,HighamHigham:2019dl,GoodfellowEtAl:2014ga,ArjovksyChintalaBottou:2017ga,FriedmanNachman:2013gp,KrizhevskyEtAl:2012ai,BojarskiEtAl:2016ai,Tf:2016,Pt:2019,BakerEtAl:2019up,HallKatsoulakis:2018hd,RaissiPerdikarisKarniadakis:2019pinns,MengKarniadakis:2020mp,ZhuZabarasEtAl:2019pc,TraskHuangHu:2022ex,TripathyBilionis:2018uq,YangPerdikaris:2019nn,ZhangLuGuoKarniadakis:2019uq,TaverniersHallEtAl:2020aa,HallTaverniersEtAl:2020aa,WiesemannKuhnSim:2014dr,UmHallEtAl:2019bn,Halletal:2016uq,StrumbeljKononenko:2011bb,Friedman:2001gb,GoldsteinEtAl:2015bb,DupuisChowdhary:2013ae,Lam:2019dr,BlanchetMurthy:2019dr,DelageYe:2010dr,RasmussenWilliams:2006gp,BirrellKatsoulakisRey-BelletZhu:2022ga,BirrellEtAl:2022fg,TaverniersHallEtAl:2021aaai-mlps,UKAIStrategy:2021aa,DenilEtAl:2013,BlalockEtAl:2020np,GaneshEtAl:2021nc,DaiEtAl:2018dl,Pearl:2016ci,ZhaoHastie:2019bb,TishbyZaslavsky:2015bn,NAP12531,BegoliEtAl:2019ai,CaldeiraNord:2020uq,MenaEtAl:2021uq,CoveneyEtAl:2021uq,PsarosEtAl:2022aa,FengEtAl:2020ai</string>
	</dict>
	<dict>
		<key>group name</key>
		<string>Dundee - grant - eye collab</string>
		<key>keys</key>
		<string>Gonzalez-LopezEtAl:2016bn,AliEtAl:2021fd,AkramEtAl:2025dl,BalEtAl:2024oo,STARE:2025,WangEtAl:2024ud,WangEtAl:2021vt,HerbertEtAl:2017ey</string>
	</dict>
	<dict>
		<key>group name</key>
		<string>Dundee - grant - NIA</string>
		<key>keys</key>
		<string>KurtekBharath:2015sa,BartlEtAl:2021sa,SahaBharathKurtek:2020vb,BirrellEtAl:2022fg,HallKatsoulakis:2018hd,OwhadiEtAl:2013uq,BlanchetMurthy:2019dr,UmHallEtAl:2019bn,HallTaverniersEtAl:2020aa,TaverniersHallEtAl:2020aa,BelghaziEtAl:2018mi,Villani:2006,DunlopEtAl:2018dg,StrongOakley:2014uq,OakleyOHagan:2002uq,KarvonenEtAl:2020,GopinathanEtAl:2021em,RainforthEtAl:2024bd,HourdinEtAl:2023em,AnastasiouEtAl:2023sm,BarpEtAl:2019sm,AjenjoEtAl:2022ig,BeckGuillas:2016mi,PesentiEtAl:2023sa,OberkampfEtAl:2004cp,Wasserman:2000ms,Helton:2006qmu,HeltonPilch:2011qmu,KennedyOHagan:2001bc,PlatzEtAl:2023rr,AmariEtAl:2018ig,BlackettRev:2018cm,BondRev:2018ke,NASRev:2022ar,NASRev:2024dt</string>
	</dict>
	<dict>
		<key>group name</key>
		<string>Dundee - grant - STFC Solar Path Sig</string>
		<key>keys</key>
		<string>LochnerBassett:2021ad,PaganoEtAl:2019aa,NishizukaEtAl:2021fp,GeorgoulisEtAl:2024fp,UKRiskRegister:2023,NASRev:2024sp,PaganoEtAl:2019sp,LekaEtAl:2019ab,LekaEtAl:2019aa,LekaEtAl:2023aa,ParkEtAl:2020aa,CadavidLawrenceRuzmaikin:2008pc,CampiEtAl:2024aa,GigerCsillaghy:2024aa,StaermanEtAl:2019if,LyonsCaruanaLevy:2007,MarronDryden:2021oo,HallMayerYeates:2025lm,PandeyEtAl:2023aa,ChevyrevKormilitzin:2025sm,SunPy:2023,NishizukaEtAl:2018aa,JiangEtAl:2022aa,LiEtAl:2022sf,ArrubarrenaEtAl:2024aa</string>
	</dict>
	<dict>
		<key>group name</key>
		<string>Dundee - Heilbronn - UQ SciML</string>
		<key>keys</key>
		<string>KollerFriedman:2009gm,RasmussenWilliams:2006gp,FriedmanNachman:2013gp,Owhadi2021:aa,BirrellEtAl:2022fg,FriedmanMurphyRussell:1998pn,ChengEtAl:2002ml,NowozinEtAl:2016fg,GoodfellowEtAl:2014ga,DingDaskalakisFeizi:2021</string>
	</dict>
	<dict>
		<key>group name</key>
		<string>Dundee - MATH PEAT network</string>
		<key>keys</key>
		<string>Peat:2023bk,PageBaird:2016pt</string>
	</dict>
	<dict>
		<key>group name</key>
		<string>Dundee - Persistence solar phys</string>
		<key>keys</key>
		<string>ChowdhuryEtAl:2019vh,DominiqueEtAl:2018vv,KatsavriasEtAl:2012te,BertelloEtAl:2010wq,ErmolliEtAl:2009da,HoytEtAl:1998wk,HoyngEtAl:1976vc,Hudson:1991tk,PalaAtici:2019ta,PenalvaEtAl:2022cs,StanislavskyEtAl:2009ts,SuyalEtAl:2009vt,AguirreEtAl:2008vr,Ruzmaikin:1994tq,AshrafiEtAl:1992ts,SunPy:2015ob,YelchuriEtAl:2021td,SongRussell:1999uk,AngrykEtAl:2020wj,ShumwayStoffer:2017ts,Haslett:2002ns,Sayer:2020ns,SalcedoSanzEtAl:2022nc,BeranEtAl:2013lm,Beran:1994lm,PanchevTsekov2007:sp,MandelbrotWallis:1969my,LepretiEtAl:2000my,Komm:1995my,RypdalRypdal:2012my,AdamsEtAl:1997sp,ShimotsuPhillips:2005lm,RypdalRypdal:2012sp,Ogurtsov:2004sp,RuzmaikinEtAl:2000ob,GravesEtAl:2017lm,Hosking:1981fd,PengEtAl:1994lm,MandelbrotWallis:1969lm,Hurst:1951lm,Lo:1991lm,GrangerJoyeux:1980lm,Stroe-KunoldEtAl:2009lm,ReaEtAl:2009aa,GwewkePorter-Hudak:1983lm,MontanariTaqquTeverovsky:1999lm,DingEtAl:2021lm,Shimotsu:2010lm,Robinson:1995lm,Kuensch:1986lm,Robinson:1995sp,Pavliotis:2014sp,Hamilton:1994ts,LeimkuhlerMatthews:2015md,BoxCox:1964bc,Sakia:1992bc,Guerrero:1993bc,BrockwellDavis:2009ts,BryceEtAl:2012lm,Weron:2002lm,AbadirDistasoGiraitis:2007lw,HouPerron:2012lm,AnnisLloyd:1976lm,McCloskeyPerron:2012lm,KwiatkowskiEtAl:1992ur,DickeyFuller:1979ur,SaidDickey:1984ur,HyndmanKhandakar:2008ss,BoxJenkins:2015ts,KantelhardtEtAl:2002df,KantzSchreiber:2003ts,LiEtAl:2018mi,StaniekLehnertz:2008mi,VicenteEtAl:2011mi,LiEtAl:2017mi,DarbellayVajda:1999mi,VastanoSwinney:1988mi,BehrendtEtAl:2019te,AlbersHripcsak:2012te,CoverThomas:2006in,DimpflPeter:2012te,PapanaEtAl:2011te,Akaike:1954de,Parzen:1962de,Chacon:2009de,FixHodges:1989,Rosenblatt:1956de,WandJones:1993de,ChaconDuong:2018de,ChaconDuong:2010de,MarschinskiKantz:2002te,UKRiskRegister:2023,Chodera:2016et,Grossfield:2018et</string>
	</dict>
	<dict>
		<key>group name</key>
		<string>Dundee - PhD - GANs anomaly detection</string>
		<key>keys</key>
		<string>SchleglEtAl:2017gn,PangEtAl:2021gn,ZenatiEtAl:2018efficient,FlachEtAl:2017:gn,GoodfellowEtAl:2016dl,BirrellKatsoulakisRey-BelletZhu:2022ga,ArjovksyChintalaBottou:2017ga,HighamHigham:2019dl,HallTaverniersEtAl:2020aa,Bishop:2006ml,TaverniersHallEtAl:2020aa,Murphy:2022ml,PaganoEtAl:2019sp,YardleyEtAl:2021sp,KurrieEtAl:2022ag,NowozinEtAl:2016fg,Rahman:2016fs,BirrellEtAl:2022fg,CsiszarShields:2004it,CoverThomas:2006in,HiriartLemarechal:2004ca,BhatiaEtAl:2021rg,PantazisEtAl:2022cg,GoodfellowEtAl:2014ga,HyttenBettez:2011sj</string>
	</dict>
	<dict>
		<key>group name</key>
		<string>Dundee - PhD - Robust blood bank modelling</string>
		<key>keys</key>
		<string>VazEtAl:2022bb,DupuisEtAl:2020sa,KatsoulakisEtAl:2017sc,BartlEtAl:2021sa,Lam:2016sa,Lam:2019dr</string>
	</dict>
	<dict>
		<key>group name</key>
		<string>Dundee - PhD - SciML dentistry</string>
		<key>keys</key>
		<string>WoodsendEtAl:2022md,WoodsendEtAl:2021dm</string>
	</dict>
	<dict>
		<key>group name</key>
		<string>Dundee - PhD - SciML Solar Physics</string>
		<key>keys</key>
		<string>YardleyEtAl:2021sp,ChensenEtAl:2021dl,PaganoEtAl:2019sp,LuEtAl:2021wc,VogtEnsslin:2003ac,SunPy:2015ob,HoytEtAl:1998wk,BertelloEtAl:2010wq,PalaAtici:2019ta,ErmolliEtAl:2009da,AshrafiEtAl:1992ts,DominiqueEtAl:2018vv,Ruzmaikin:1994tq,HoyngEtAl:1976vc,ChowdhuryEtAl:2019vh,KatsavriasEtAl:2012te,Hudson:1991tk,StanislavskyEtAl:2009ts,AguirreEtAl:2008vr,PenalvaEtAl:2022cs,SongRussell:1999uk,SuyalEtAl:2009vt,AngrykEtAl:2020wj,YelchuriEtAl:2021td,Pavliotis:2014sp,ShumwayStoffer:2017ts,BoxCox:1964bc,Sakia:1992bc,BurnhamAnderson:2002ms,BanerjeeEtAl:1993aa,Hamilton:1994ts,Granger:2004np,JizbaKleinertShefaat:2012re,Schreiber:2000it,PalusEtAl:2001it,WibralVicenteLizier:2014it,PalusVejmelka:2007it,AmblardMichel:2013it,PianosiWagener:2015pa,LeimkuhlerMatthews:2015md,KovachkiEtAl:2024ol,BallegooijenEtAl:2000mf</string>
	</dict>
	<dict>
		<key>group name</key>
		<string>Dundee - Solar - SHRED</string>
		<key>keys</key>
		<string>GaoWilliamsKutz:2025aa,FarajiRezaKutz:2025pl,TomasettoEtAl:2025aa</string>
	</dict>
	<dict>
		<key>group name</key>
		<string>Dundee - Stoch Volatility Model Comparison</string>
		<key>keys</key>
		<string>LysyEtAl:2016cm,KassRaftery:1995ms,BergerPericchi:1996ms,Jeffreys:1948pb,BernardoSmith:2000bs,Wasserman:2000ms</string>
	</dict>
	<dict>
		<key>group name</key>
		<string>Dundee - Structure in GANs</string>
		<key>keys</key>
		<string>DingDaskalakisFeizi:2021,SzekelyRizzo:2013es,Ramos-CarrenoTorrecilla:2023es,JangGuPoole:2017gs,SpiegelhalterEtAl:1993bn</string>
	</dict>
	<dict>
		<key>group name</key>
		<string>Dundee - UQVI</string>
		<key>keys</key>
		<string>PlatzEtAl:2023rr,Platz:2021uq,Platz:2023uq,Kelly:2012vi,Thomsen:2021pa,DenHartog:1985vi,EhrettEtAl:2021vi</string>
	</dict>
	<dict>
		<key>group name</key>
		<string>Dundee - Weak rate Levy running max</string>
		<key>keys</key>
		<string>GonzalezCazaresMijatovic:2022rm,KiesslingTempone:2011lp,Applebaum:2009,BarndorffNielsenEtAl:2001lp,Schoutens:2003aa,Kyprianou:2014aa,Kyprianou:2010en</string>
	</dict>
	<dict>
		<key>group name</key>
		<string>Edinburgh - Thesis</string>
		<key>keys</key>
		<string>Auzinger:1991,Zakai:1969,Brezinski:2000,MalliavinThalmaier:2003,BainCrisan:2009,Thomee:1969,Richardson:1911,Goncalves:2007,Joyce:1971,KrylovRozovskii:1982,GyongyKrylov:2006ac,BuschEtAl:1975,KrylovRozovskii:1977,Strang:1963,KaratzasShreve:1991,LambertonLapeyre:2008,GyongyMillet:2009rc,BurkholderDavisGundy:1972,Richardson:1923,KreissWu:1994,Chen:2006,Sidi:2003,GyongyMillet:2005,GyongyKrylov:2010as,BarlesDaherRomano:1995,Kunita:1981,Krylov:1996,Strang:1964,LawsonMorris:1978,GourlayMorris:1980,MarchukShaidurov:1983,GyongyKrylov:2006pe,KloedenPlatenHofmann:1995,DavieGaines:2001,RichtmyerMorton:1967,GyongyKrylov:1992,GyongyMillet:2007,Hausenblas:2003,GyongyKrylov:2005su,Evans:2002,RichardsonGaunt:1927,Pardoux:1975,Hackbusch:1977,Turkel:1977,Yoo:1998th,Pardoux:1979,Pardoux:1975th,DongKrylov:2005,Thomee:1966,Widlund:1965,Krylov:1999,Hackbusch:1977ap,Shardlow:1999,GourlayMorris:1983,Krylov:2008,Schwartz:1977,MortonMayers:1994,GyongyKrylov:2003,GyongyKrylov:2010,JentzenKloeden:2009,TalayTubaro:1990,Rozovskii:1990,Gyongy:2011,GyongyKrylov:2006pc,GyongyKrylov:2011,Adams:1975,Strikwerda:2004,Krylov:2002,Yoo:2000,BrennanSchwartz:1978,Lions:1969</string>
	</dict>
	<dict>
		<key>group name</key>
		<string>Edinburgh - Trefethen's List of Classics</string>
		<key>keys</key>
		<string>Karmarkar:1984,FletcherPowell:1963,CourantFriedrichsLewy:1967,deBoor:1972,WannerHairerNorsett:1978,Courant:1943,CurtissHirschfelder:1952,Brandt:1977,HestenesStiefel:1952,Householder:1958,CooleyTukey:1965,GolubKahan:1965,GreengardRokhlin:1987</string>
	</dict>
	<dict>
		<key>group name</key>
		<string>KTH - computable estimates rPDE</string>
		<key>keys</key>
		<string>BabuskaRheinboldt:1978ee,BangerthRannacher:2003,Charrier:2012,KaratzasShreve:1991,AinsworthOden:1997,BabuskaChatzipantelidis:2002,Wan:2010,Giles:2008,BabuskaRheinboldt:1981ap,HoeksemaKitanidis1985,DebBabuskaOden:2001,BabuskaNobileTempone:2007,BabuskaTemponeZouraris:2004,GrahamScheichlUllmann:2013aa,GilesSuli:2002,Babuska:1971,DaganNeuman:2005,Delhomme:1979,BarthSchwabZollinger:2011,MoonEtAl:2006,LototskyRozovskiiWan:2010,AsmussenGlynn:2007,GalvisSarkis:2009,Gittelson:2010,HoelHappolaTempone:2014aa,WanRozovskii:2013,MuglerStarkloff:2011,FrauenfelderSchwabTodor:2005,CliffeGilesScheichlTeckentrup:2011,TeckentrupEtAl:2013,EigelMerdon:2014,DaganEtAl:2006,Dagan:1986,Babuska:1971sn,Gittelson:2013,LoggMardalWells:2012,SzepessyTemponeZouraris:2001,CollierEtAl:2014,MatthiesKeese:2005,Dagan:2005,CharrierScheichlTeckentrup:2013,ScottBrenner:2008,Fernique:1975,ErikssonEtAl:1995,EigelEtAl:2014</string>
	</dict>
	<dict>
		<key>group name</key>
		<string>KTH - Langevin rate</string>
		<key>keys</key>
		<string>MattinglyStuartHigham:2002,Lubich:2008,Nelson:1967,LeimkuhlerMatthewsStoltz:2015,LeimkuhlerMatthews:2013,Schlick:2010md,LeimkuhlerMatthews:2015md,CoffeyKalmykov:2012le,PavliotisStuart:2008ms,PavliotisPokernStuart:2012pe,Kurtz:1973lt,KramerMajda:2003,Shardlow:2003sp,Szepessy:2006,Nualart:2006,FrenkelSmit:2001,Zwanzig:2001ne,EspanolWarren:1995sm,Tuckerman:2010sm,AllenTildesley:1989cs,Freidlin2004:sm,Pavliotis:2014ns</string>
	</dict>
	<dict>
		<key>group name</key>
		<string>KTH - rpde adaptive mlmc</string>
		<key>keys</key>
		<string>RueHeld:2005,Sun:2015ml</string>
	</dict>
	<dict>
		<key>group name</key>
		<string>OPD - PGCAP Assoc Fellowship</string>
		<key>keys</key>
		<string>MulderEtAl:2014he,McGourtyEtAl:1998he,GAIMME:2019mm,GAISE:2016st,SitthiworachartJoy:2004he,HarlandEtAl:2017he</string>
	</dict>
	<dict>
		<key>group name</key>
		<string>OPD - PGCAP Fellowship</string>
		<key>keys</key>
		<string>KaraaliKhadjavi:2021sj,Lesser:2007,Utts:2014st,HyttenBettez:2011sj,Adiredja:2018sj,LesterEtAl:2020sj,ParsonMajor:2020sj,Loya:2020sj,FreemanEtAl:2014al,WangDegol:2013sj,AbelEtAl:2016md,NobleEtAl:2006md,PayneAbel:2012in,SIMDcomic:2020in,GAISE:2016st,GAIMME:2019mm</string>
	</dict>
	<dict>
		<key>group name</key>
		<string>PIMS - Probability 2010</string>
		<key>keys</key>
		<string>PeresLevinWilmer:2009,Peres:2010</string>
	</dict>
	<dict>
		<key>group name</key>
		<string>Princeton - Summer Analysis 2008</string>
		<key>keys</key>
		<string>Cannone:2003,FriedlanderPavlovic:2006,CannoneMeyer:1995,Cannone:1997,Fefferman:2000,Tao:2007</string>
	</dict>
	<dict>
		<key>group name</key>
		<string>Research statement 2014</string>
		<key>keys</key>
		<string>KloedenPlatenHofmann:1995,Charrier:2012,Schlick:2010,TalayTubaro:1990,FrenkelSmit:2001,Lubich:2008,Crisan:2002,DavieGaines:2001,GobetPagesPhamPrintems:2006,Delhomme:1979,KramerMajda:2003,Kunita:1982,GalvisSarkis:2009,LototskyRozovskiiWan:2010,GyongyKrylov:2010,Gittelson:2010,Gyongy:2011,PetrenkoMeller:2010,WanRozovskii:2013,Kunita:1981,MuglerStarkloff:2011,Hall:2012,CliffeGilesScheichlTeckentrup:2011,KrylovRozovskii:1982,Dagan:1986,EigelMerdon:2014,DaganEtAl:2006,TeckentrupEtAl:2013,Pardoux:1979,Gittelson:2013,Hall:2013,MalliavinThalmaier:2003,Dagan:2005,CharrierScheichlTeckentrup:2013,Nelson:1967,Zakai:1969</string>
	</dict>
	<dict>
		<key>group name</key>
		<string>Research statement 2016</string>
		<key>keys</key>
		<string>HallSzepessy:inprep,Hall:2012,Hall:2013,Hall:2013th,DupuisEtAl:2015ps,DupuisChowdhary:2013ae,KramerMajda:2003,Nelson:1967,Dudley:2002pr,ArampatzisEtAl:2015lr,GivensShortt:1984wm,ArampatzisEtAl:2012pm,ArampatzisEtAl:2014pp,GyongyKrylov:2003</string>
	</dict>
	<dict>
		<key>group name</key>
		<string>Research statement 2017</string>
		<key>keys</key>
		<string>ArampatzisEtAl:2015lr,DidierEtAl:2012sc,Dudley:2002pr,DupuisEllis:1997ld,Durner:1994hc,EspanolWarren:2017dpd,GivensShortt:1984wm,Hall:2012,Hall:2013th,Hall:2013,Halletal:2016sc,Halletal:2016uq,HallSzepessy:inprep,HoelHappolaTempone:2016aa,HallKatsoulakis:2018hd,KomorowskiEtAl:2011sa,KramerMajda:2003,MajdaEtAl:2005im,MajdaGershgorin:2010qu,McLaughlinTownley:1996ip,Nelson:1967,OberkampfEtAl:2004cp</string>
	</dict>
	<dict>
		<key>group name</key>
		<string>RWTH - 2019researchstatement</string>
		<key>keys</key>
		<string>DAKOTA:2009man,AinsworthOden:1997,BaczewskiBond:2013ni,BainCrisan:2009,BangerthRannacher:2003,BayerFrizGatheral:2016rv,BayerHallTempone:2022rb,DupuisChowdhary:2013ae,DemboZeitouni:2010ld,DupuisEllis:1997ld,DupuisEtAl:2015ps,ErikssonEtAl:1995,GourgouliasEtAl:2016sp,Hall:2012,Hall:2013,Hall:2013th,Halletal:2016sc,Halletal:2016uq,HallKatsoulakis:2018hd,HeltonPilch:2011qmu,HoelHappolaTempone:2016aa,KollerFriedman:2009gm,KomorowskiEtAl:2011sa,Lecoux:2005cm,LysyEtAl:2016cm,MajdaEtAl:2005im,MajdaGershgorin:2010qu,Massart:2007ci,Neuenkirch:2016ob,OwhadiEtAl:2013uq,Pearl:2009ci,Pearl:2014ai,RaissiPerdikarisKarniadakis:2019pinns,Smith:2013uq,SwischukEtAl:2019pm,TalayTubaro:1990,Tropp:2015ci,UmHallEtAl:2019bn</string>
	</dict>
	<dict>
		<key>group name</key>
		<string>RWTH - GINNs and MISI</string>
		<key>keys</key>
		<string>HeckermanGeigerChickering:1995ml,HastieFriedmanTibshirani:2001ml,Neapolitan:2004ml,ChengEtAl:2002ml,Bishop:2006ml,ZhaoHastie:2019bb,ZengXiaTonh:2018mi,CoverThomas:2006in,KinneyAtwal:2014pn,EfronStein:1981jk,UmHallEtAl:2019bn,ZhangTartakovsky:2017np,Tf:2015-whitepaper,Pearl:2009ci,Pearl:2014ai,WainwrightJordan:2008ef,KollerFriedman:2009gm,Soofi:1994if,Sobol:1993sa,HommaSaltelli:1996im,MaraEtAl:2015np,Rahman:2016fs,SaltelliEtAl:2008gs,PantazisEtAl:2013rn,PantazisKatsoulakis:2013re,KomorowskiEtAl:2011sa,MajdaGershgorin:2011sa,MajdaGershgorin:2010qu,ChunEtAl:2000im,Borgonovo:2006uq,LiuEtAl:2006re,Borgonovo:2007sa,LiuHomma:2009uq,CastaingsEtAl:2012sa,VetterTaflanidis:2012sa,LudtkeEtAl:2008sa,Critchfield:1986sa,Wasserman:2006np,Rosenblatt:1976ks,Chen:2017ks,Moon:1995ks,GoldsteinSpiegelhalter:1996rs,GoldsteinHealy:1995re,WolfeHanley:2002aa,VerbruggeLiu:2005ed,RaissiPerdikarisKarniadakis:2019pinns,TripathyBilionis:2018uq,Balokas:2018nn,ZhangGuoKarniadakis:2019aa,JinLuTangKarniadakis:2019aa,ZhangLuGuoKarniadakis:2019uq,Taverniers:2015ml,LauAdamsGirolami:2018dc,BotevGrotowskiKroese:2010kd,Pearl:2016ci,Motamed:2019nn,YingEtAl:2002ag,ZhangEtAl:2015od,LingTartakovskyBattiato:2016dc,FrangosMarzoukWilcoxEtAl:2010sm,EldredEtAl:2004sm,DanielsNemenman:2015aa,SunEtAl:2020sm,ZhuZabaras:2018nn,HallTaverniersEtAl:2020aa,GoldsteinEtAl:2015bb,Friedman:2001gb,ZhuZabarasEtAl:2019pc,McGill:1954mi,Bell:2003mi,Efron:1981ci,BelghaziEtAl:2018mi,KrishnamurthyEtAl:2014rd,KraskovEtAl:2004mi,Pt:2019,GoodfellowEtAl:2016dl,IoossPrieur:2019se,LiEtAl:2020sc,BleiKucukelbirMcAuliffe:2017vi,BurnhamAnderson:2002ms,Paninski:2003mi,AntosKontoyiannis:2001cp,HallKatsoulakis:2018hd,StrumbeljKononenko:2010bb,StrumbeljKononenko:2011bb,Soffer:1972sc,Narayanan:2016sc,Nomura:2019sc,Wang:2019sc,Beguin:2013sc,KandasamyEtAl:2015vm,DavisDavis:2003cr,GuXuYan:2014ox,LeeMukerjeeEtAl:1999ox,LiuEtAl:2015ox,NagasawaHanamura:2015ox,FengLansfordEtAl:2018uq,WuXiu:2020ge,SimonyanVedaldiZisserman:2014sa,SundararajanTalyYan:2016gr,Shrikumar:2017aa,AdebayoEtAl:2020fx,TishbyZaslavsky:2015bn,ZhangWuZhu:2018nn</string>
	</dict>
	<dict>
		<key>group name</key>
		<string>RWTH - MFO numerical homogenization</string>
		<key>keys</key>
		<string>Peterseim:2016ms,KornhuberPeterseim:2018ms,Owhadi:2017ms</string>
	</dict>
	<dict>
		<key>group name</key>
		<string>RWTH - rough Bergomi</string>
		<key>keys</key>
		<string>TalayTubaro:1989ex,BayerFrizGatheral:2016rv,GrahamTalay:2013,Nierste:2018ma,CarmonaCoutin:1998bm,Bayer:2018aa,HarmsStefanovits:2019fp,Muravlev:2011bm,CarmonaCoutinMontseny:2000gp,ComteCoutinRenault:2012vm,MandelbrotVanNess:1968fbm,Neuenkirch:2016ob,Harms:2019rb,GraversenPeskir:2000ou,GatheralEtAl:2018vr,SzepessyTemponeZouraris:2001,Sauer:2012,DahlquistBjorck:2008,Dupire_2019,Simon:2006gd,BayerEtAl:2019st,Huntley:2020rv,Rey-Bellet:2006oc,Halletal:2016uq,DidierEtAl:2012sc,BayerEtAl:2020rb,BayerEtAl:2020rs,BennedsenLundePakkanen:2016sv,TalayTubaro:1990,RomanoTouzi:1997sv,HorvathJacquierMuguruza:2019aa,BennedsenLundePakkanen:2017hs,JacquierOumgari:2019sv,ElEuchRosenbaum:2019rh,FukasawaTakabatakeWestphal:2019aa,ConstantineSavits:1996db,SteinStein:1991fm,AbiJaber:2021ss,SchoebelZhu:1999sv,BallyTalay:1996le,BallyTalay:1996cd</string>
	</dict>
	<dict>
		<key>group name</key>
		<string>Statement - Research</string>
		<key>keys</key>
		<string>BayerHallTempone:2022rb,Halletal:2016uq,HallKatsoulakis:2018hd,HallMayerYeates:2025lm,HallTaverniersEtAl:2020aa,TaverniersHallEtAl:2020aa,TaverniersHallEtAl:2021aaai-mlps,UmHallEtAl:2019bn,BrewardEtAl:2024aa,BootsmaEtAl:2025aa,HajiAliHall:2024aa,HallKadochnikovalWhittaker:2025aa,BirmpaHallEtAl:2024aa,BrookEtAl:2024aa,LochnerBassett:2021ad,CampiEtAl:2024aa,LyonsCaruanaLevy:2007,ArrubarrenaEtAl:2024aa,ChevyrevKormilitzin:2025sm,LapoIchinagaKutz:2025md,Hornung:2012pm,ChoiEtAl:2020aa,DrurySmith:2024aa,Richards:1931pm,MarronDryden:2021oo,XiongEtAl:2016rv,DingDaskalakisFeizi:2021,BirrellEtAl:2022fg</string>
	</dict>
	<dict>
		<key>group name</key>
		<string>Statement - Teaching Philosophy</string>
		<key>keys</key>
		<string>KaraaliKhadjavi:2021sj,GelmanNolan:2017bt,GAISE:2016st,GAIMME:2019mm,WassersteinLazar:2016pv,Utts:2014st,Polya:1945hu,MichalewiczFogel:2004hu</string>
	</dict>
	<dict>
		<key>group name</key>
		<string>Study Group - V-KEMS 2025 - Water</string>
		<key>keys</key>
		<string>Stream-data:wwq-2025</string>
	</dict>
	<dict>
		<key>group name</key>
		<string>StudyGroup - BIOREME 2024</string>
		<key>keys</key>
		<string>EvansEtAl:2023sl,ElshafieEtAl:2016sl,MotamediFakhrEtAl:2017sl,deBoer:2010slp,EXPLAIN:2022lc</string>
	</dict>
	<dict>
		<key>group name</key>
		<string>StudyGroup - Utrecht 2025</string>
		<key>keys</key>
		<string>MarronEtAl:2015ap,RamsaySilverman:2005fd,MarronDryden:2021oo,ChebanaEtAl:2012fd,VilarEtAl:2016fd,SrivastavaEtAl:2011rd,Hyndman:1996hd,Boven:2023ww,FerratyVieu:2010fd,FerratyDaboNiang:2008fd,HyndmanShang:2010fd,VogelsmeierEtAl:2019lm</string>
	</dict>
	<dict>
		<key>group name</key>
		<string>Teaching - MA network science</string>
		<key>keys</key>
		<string>KolaczykCsardi:2014nd,MenczerFortunatoDavis:2020ns</string>
	</dict>
	<dict>
		<key>group name</key>
		<string>Teaching - MA22004</string>
		<key>keys</key>
		<string>Spiegelhalter:2020ps,Wasserman:2004as,Wasserman:2006np,Devore:2016st,DeGrootSchervish:2001ps,WackerlyEtAl:2014ms,Rice:2006da,vanBelle:2008rt,Dalgaard:2008st,WickhamGrolemund:2017or</string>
	</dict>
	<dict>
		<key>group name</key>
		<string>Teaching - MA40001 - dundeenumbers</string>
		<key>keys</key>
		<string>Spiegelhalter:2020ps,WickhamGrolemund:2017or,Wasserman:2004as,Wasserman:2006np</string>
	</dict>
	<dict>
		<key>group name</key>
		<string>Teaching - MA40001 - gans</string>
		<key>keys</key>
		<string>GoodfellowEtAl:2016dl,GoodfellowEtAl:2014ga,Goodfellow:2017GANs,Bishop:2006ml,BirrellKatsoulakisRey-BelletZhu:2022ga,ArjovksyChintalaBottou:2017ga,NowozinEtAl:2016fg,CoverThomas:2006in,SriperumbudurEtAl:2009ip,SasonVerdu:2016fd,SzekelyRizzo:2013es</string>
	</dict>
	<dict>
		<key>group name</key>
		<string>Teaching - MA40001 - ginn</string>
		<key>keys</key>
		<string>KollerFriedman:2009gm,UmHallEtAl:2019bn,HallTaverniersEtAl:2020aa,Pearl:2016ci,Tf:2015-whitepaper,GoodfellowEtAl:2016dl,Bishop:2006ml,ZandonaEtAl:2019bn</string>
	</dict>
	<dict>
		<key>group name</key>
		<string>Teaching - MA40001 - gps</string>
		<key>keys</key>
		<string>RasmussenWilliams:2006gp,Ebden:2015gp,scikit-learn:2023gp,Murphy:2022ml</string>
	</dict>
	<dict>
		<key>group name</key>
		<string>Teaching - MA40001 - ooda</string>
		<key>keys</key>
		<string>RamsaySilverman:2005fd,MarronEtAl:2015ap,MarronDryden:2021oo,SrivastavaKlassen:2016fd,MarronAlonso:2014oo,GunningEtAl:2024:oo,DrydenMardia:2016oo,Jolliffee:2002pc,MarronToddAhn:2007dw,AydinEtAl:2009,FletcherEtAl:2004pc</string>
	</dict>
	<dict>
		<key>group name</key>
		<string>Teaching - MA40001 - rbergomi</string>
		<key>keys</key>
		<string>Higham:2001,BayerHallTempone:2022rb,BayerFrizGatheral:2016rv,GatheralEtAl:2018vr,BennedsenLundePakkanen:2016sv,AchdouPironneau:2005,Glasserman:2003mc,Arguin:2022wv,Cesa:2017vb</string>
	</dict>
	<dict>
		<key>group name</key>
		<string>Teaching - Problem Solving</string>
		<key>keys</key>
		<string>Halmos:1980ps,Polya:1945hu,MichalewiczFogel:2004hu,Schoenfeld:1985ps,OED:1989ps,Polya:1954oi,Polya:1954ii,Mahajan:2010ps,Zeitz:2016ps</string>
	</dict>
	<dict>
		<key>group name</key>
		<string>UMass - CG GLE</string>
		<key>keys</key>
		<string>KatsoulakisPlechac:2013cg</string>
	</dict>
	<dict>
		<key>group name</key>
		<string>UMass - conservative design</string>
		<key>keys</key>
		<string>OwhadiEtAl:2013uq,LucasOwhadiOrtiz:2008uq,DemboZeitouni:2010ld,Massart:2007ci,Tropp:2015ci,Wainwright:2019hd,Lecoux:2005cm,KatsoulakisEtAl:2017sc,HanTaoEtAl:2015uq,KidaneEtAl:2012pe</string>
	</dict>
	<dict>
		<key>group name</key>
		<string>UMass - Graph mods Darcy</string>
		<key>keys</key>
		<string>Rosenblatt:1952rt,DupuisChowdhary:2013ae,HallKatsoulakis:2018hd,ZhangEtAl:2015od,KollerFriedman:2009gm,Bishop:2006ml,Wasserman:2004as,scipy:daft,IoossPrieur:2018se,IoossLemaitre:2015rg,SaltelliTarantola:2002ri,MaraEtAl:2015np,OwenPrieur:2017sv,TorreEtAl:2017aa,Rahman:2016fs,UmZhangKatsoulakisEtAl:2017aa,ArunachalamEtAl:2015li,BattiatoTartakovsky:2011ar,Hornung:2012pm,Whitaker:2013va,SchmuckBazant:2015hm,ZhangTartakovsky:2017od,Mikelic2017:pm,KorneevBattiato:2016sh,Smith:2013uq,ZhangTartakovsky:2017np,DAKOTA:2009man,Xiu:2010nm,GhanemSpanos:1991pc,LeMaitreKnio:2010sm,Rahman:2011sa,BotevGrotowskiKroese:2010kd,BaringhausFranz:2004tt,LiuEtAl:2006re,VetterTaflanidis:2012sa,LiuHomma:2009uq,SaltelliEtAl:2008gs,Sobol:1993sa,HommaSaltelli:1996im,Csiszar:1967fd,AliSilvey:1966fd,LieseVajda:2006it,BleiKucukelbirMcAuliffe:2017vi,BorgonovoEtAl:2014sa,Soofi:1994if,DaVeiga:2015sa,Borgonovo:2007sa,KraskovEtAl:2004mi,Paninski:2003mi,AntosKontoyiannis:2001cp,LudtkeEtAl:2008sa,Borgonovo:2006uq,ChunEtAl:2000im,CastaingsEtAl:2012sa,ParkEtAl:1994sa,CoverThomas:2006in,EngquistSouganidis:2008hm,WainwrightJordan:2008ef,BurnhamAnderson:2002ms,NavarroEtAl:2014aa,PaulsonEtAl:2017pc</string>
	</dict>
	<dict>
		<key>group name</key>
		<string>UMass - Graph mods Darcy poster</string>
		<key>keys</key>
		<string>ZhangTartakovsky:2017np,UmZhangKatsoulakisEtAl:2017aa,UmHallEtAl:2019bn,DAKOTA:2009man,ZhangEtAl:2015od,ZhangTartakovsky:2017od,NavarroEtAl:2014aa</string>
	</dict>
	<dict>
		<key>group name</key>
		<string>UMass - GSA for PI PGMs</string>
		<key>keys</key>
		<string>Gomez:2014sb,Laskey:1995sb,MalhasAlAghbari:2008sb,ChanDarwiche:2004sb,ChanDarwiche:2005sb,CastilloKjaerulff:2003sb,VanErvenHarremos:2014rd,Chan2005:sb,KjaerulffMadsen:2008bn,NielsenJensen:2009bn,LudtkeEtAl:2008sa,UmHallEtAl:2019bn,KomorowskiEtAl:2011sa,SaltelliEtAl:2000sa,SaltelliEtAl:2008gs,SaltelliEtAl:2000sb,CoverThomas:2006in,Soofi:1994if,PantazisKatsoulakis:2013re,PantazisEtAl:2013rn,MajdaGershgorin:2011sa,MajdaGershgorin:2010qu,ChunEtAl:2000im,Borgonovo:2006uq,LiuEtAl:2006re,LiuHomma:2009uq,Borgonovo:2007sa,CastaingsEtAl:2012sa,Rahman:2016fs,ParkEtAl:1994sa,VetterTaflanidis:2012sa,Sobol:1993sa,HommaSaltelli:1996im,UmZhangKatsoulakisEtAl:2017aa,DAKOTA:2009man</string>
	</dict>
	<dict>
		<key>group name</key>
		<string>UMass - ICERM narrative</string>
		<key>keys</key>
		<string>AndersonEtAl:2015gw,Dagan1989:ft,Ewing:1983rs,Halletal:2016sc,ErnstEtAl:2012pc,CliffeGilesScheichlTeckentrup:2011,ChristieBlunt:2001sp,BayerEtAl:2015bo,HoelHappolaTempone:2016aa,SukysEtAl:2012lb</string>
	</dict>
	<dict>
		<key>group name</key>
		<string>UMass - info theory &amp; num meth</string>
		<key>keys</key>
		<string>SzepessyTemponeZouraris:2001,MattinglyStuartTretyakov:2010ta</string>
	</dict>
	<dict>
		<key>group name</key>
		<string>UMass - model-form uncertainty</string>
		<key>keys</key>
		<string>XiaoEtAL:2017rm,XiaoEtAl:2016qr,KennedyOHagan:2001bc,EmoryLarssonIaccarino:2013ns</string>
	</dict>
	<dict>
		<key>group name</key>
		<string>UMass - NSF DMS 2017</string>
		<key>keys</key>
		<string>HallKatsoulakis:2018hd,DupuisChowdhary:2013ae,OberkampfEtAl:2004cp,Helton:1994uq,HoffmanHammonds:1994pu,Rowe:1994uu,FersonGinzburg:1996uq,Hora:1996ae,Parry:1996uq,PateCornell:1996uq,DupuisEllis:1997ld,RasmussenWilliams:2006gp,DupuisEtAl:2015ps,AtarChowdharyDupuis:2015rd,GourgouliasEtAl:2017aa,HarmandarisEtAl:2016vi,GourgouliasEtAl:2016sp,MajdaEtAl:2005im,MajdaGershgorin:2010qu,KomorowskiEtAl:2011sa,Halletal:2016uq,AndersonEtAl:2015gw,Ewing:1983rs,AarnesEtAl:2009ms,Dagan1989:ft,LiXiu:2012fp,KatsoulakisEtAl:2017sc,LiQiXiu:2014uq,DidierEtAl:2012sc,Dudley:2002pr,ArampatzisEtAl:2015lr,GivensShortt:1984wm,Durner:1994hc,McLaughlinTownley:1996ip,Halletal:2016sc,HoelHappolaTempone:2016aa,BurnhamAnderson:2002ms,BleiKucukelbirMcAuliffe:2017vi,WainwrightJordan:2008ef,Bishop:2006ml,Ellis:2006ed,Seeger:2000vi,ChaimovichShell:2010re,RudzinskiNoid:2011cg,KatsoulakisPlechac:2013cg,AtkinsonEtAl:2007xd,MajdaGershgorin:2011sa,PantazisKatsoulakis:2013re,SaltelliEtAl:2008gs,Smith:2013uq,DAKOTA:2009man,GlassermanXu:2014rm,Lam:2016sa,BattiatoTartakovsky:2011pm,Hornung:2012pm,Whitaker:2013va,ZhangEtAl:2015od,ZhangTartakovsky:2017od,ZhangTartakovsky:2017np,Wasserman:2004as,DemboZeitouni:2010ld</string>
	</dict>
	<dict>
		<key>group name</key>
		<string>UMass - UQ for GLE</string>
		<key>keys</key>
		<string>FournieEtAl:2001ii,ArampatzisEtAl:2015as,AllenTildesley:1989cs,ChenGlasserman:2007ma,PantazisKatsoulakis:2013re,SheppardEtAl:2013spsens,BouchardEtAl:2004ma,Nualart:2006,TsourtisEtAl:2015,Goychuk:2012ve,ArampatzisEtAl:2015pw,LeimkuhlerMatthews:2015md,RathinamEtAl:2010sa,IkedaWatanabe:1989,PantazisEtAl:2013rn,SaltelliEtAl:2000sb,LiEtAl:2015mz,ArampatzisKatsoulakis:2014go,FournieEtAl:1999oi,DespositoVinales:2009sb,SrivastavaEtAl:2013cp,KouSie:2004fg,LysyEtAl:2016cm,Oksendal:2003,DupuisEtAl:2015ps,CoffeyKalmykov:2012le,Anderson:2012fd,Glynn:1990lr,Glasserman:2003mc,WolfAnderson:2015hy,BaczewskiBond:2013ni,OttobrePavliotis:2011aa,DidierEtAl:2012sc,CeriottiEtAl:2011ac,SaltelliEtAl:2008gs,Zwanzig:2001ne,ArampatzisEtAl:2015lr,VinalesDesposito:2006ad,SaltelliEtAl:2000sa,MorroneEtAl:2011mt,CeriottiEtAl:2010cn,CeriottiEtAl:2010et,CeriottiEtAl:2009qe,StellaEtAl:2014gl,CeriottiEtAl:2009lc,Kantorovich:2008oi,KantorovichRompotis:2008ii,DarveEtAl:2009co,MasonWeitz:1995ve,HijonEtAl:2010mz,ChorinStinis:2007me,NessEtAl:2016ne,NessEtAl:2015ap,Morris:1991fs,CampolongoEtAl:2007sa,Rey-Bellet:2006oc,HairerMajda:2010rt,AssarafEtAl:2015sa,CiccottiJacucci:1975dc,StoddardFord:1973ne,WarrenAllen:2012mw,LEcuyer:1992cr,LEcuyerPerron:1994cr,BeylkinMonzon:2005ap,BeylkinMonzon:2010ae,PottsTasche:2010pe,KunisEtAl:2016mv,Nelson:1967,Glynn:1989ws,BoyleEtAl:1997sp,GlassermanYao:1992gg,LubelskiEtAl:2008ne,ZazanisSuri:1993or,AsmussenGlynn:2007,BenHammoudaEtAl:2016ml</string>
	</dict>
	<dict>
		<key>group name</key>
		<string>UMass - UQ for rPDE</string>
		<key>keys</key>
		<string>DupuisEtAl:2015ps,DupuisChowdhary:2013ae,DupuisEllis:1997ld,AbramowitzStegun:1964hb,RasmussenWilliams:2006gp,GilEtAl:2013rd,MajdaGershgorin:2010qu,ArampatzisEtAl:2015as,LieseVajda:2007sd,PantazisKatsoulakis:2013re,Halletal:2016sc,Halletal:2016uq,DemboZeitouni:2010ld,CliffeGilesScheichlTeckentrup:2011,ChristieBlunt:2001sp,ErnstEtAl:2012pc,Dagan:1986,McLaughlinTownley:1996ip,Durner:1994hc,AarnesEtAl:2009ms,AndersonEtAl:2015gw,Ewing:1983rs,Dagan1989:ft,Ellis:2006ed,DaganNeuman:2005,SchlatherEtAl:2015rf,LelievreRoussetStoltz:2010fe,LeMaitreKnio:2010sm,HuangEtAl:2001kl,SoizeGhanem:2004pc,EngquistEtAl:2009:ms,SongEtAl:2008gm,KomorowskiEtAl:2011sa,Richards:1992bg,MortonEtAl:1992bg,RueHeld:2005,LiXiu:2012fp,HarmandarisEtAl:2016vi,AtarChowdharyDupuis:2015rd,TsourtisEtAl:2015,KatsoulakisEtAl:2017sc,GourgouliasEtAl:2016sp,LiQiXiu:2014uq,Charrier:2012,CharrierScheichlTeckentrup:2013,GelfandEtAl:2010hb,OberkampfEtAl:2004cp,PateCornell:1996uq,Parry:1996uq,FersonGinzburg:1996uq,Hora:1996ae,HoffmanHammonds:1994pu,Helton:1994uq,Rowe:1994uu,MatthiesKeese:2005,BabuskaNobileTempone:2007,Glasserman:2003mc,GlassermanYao:1992gg,GourgouliasEtAl:2017aa,CoverThomas:2006in,Tsybakov:2009np,Wasserman:2004as,NRC:1994ra,Tartakovsky2013:rv,OwhadiEtAl:2013uq,DohertyHunt:2010ap,Ben-TalGhaouiNemirovski:2009ro,BurnhamAnderson:2002ms,BoucheronEtAl:2013ci,DuchiJordanWainwright:2013lp</string>
	</dict>
	<dict>
		<key>group name</key>
		<string>UMass - UQ for rPDE poster</string>
		<key>keys</key>
		<string>DupuisChowdhary:2013ae,HallKatsoulakis:2018hd,ChristieBlunt:2001sp</string>
	</dict>
</array>
</plist>
}}

@comment{BibDesk Smart Groups{
<?xml version="1.0" encoding="UTF-8"?>
<!DOCTYPE plist PUBLIC "-//Apple//DTD PLIST 1.0//EN" "http://www.apple.com/DTDs/PropertyList-1.0.dtd">
<plist version="1.0">
<array>
	<dict>
		<key>conditions</key>
		<array>
			<dict>
				<key>comparison</key>
				<integer>2</integer>
				<key>key</key>
				<string>Author</string>
				<key>value</key>
				<string>Hall, Eric</string>
				<key>version</key>
				<string>1</string>
			</dict>
			<dict>
				<key>comparison</key>
				<integer>2</integer>
				<key>key</key>
				<string>Author</string>
				<key>value</key>
				<string>Eric Hall</string>
				<key>version</key>
				<string>1</string>
			</dict>
			<dict>
				<key>comparison</key>
				<integer>2</integer>
				<key>key</key>
				<string>Author</string>
				<key>value</key>
				<string>Eric Joseph Hall</string>
				<key>version</key>
				<string>1</string>
			</dict>
			<dict>
				<key>comparison</key>
				<integer>2</integer>
				<key>key</key>
				<string>Author</string>
				<key>value</key>
				<string>Hall, Eric Joseph</string>
				<key>version</key>
				<string>1</string>
			</dict>
			<dict>
				<key>comparison</key>
				<integer>2</integer>
				<key>key</key>
				<string>Author</string>
				<key>value</key>
				<string>Hall, Eric J.</string>
				<key>version</key>
				<string>1</string>
			</dict>
			<dict>
				<key>comparison</key>
				<integer>2</integer>
				<key>key</key>
				<string>Author</string>
				<key>value</key>
				<string>Eric J. Hall</string>
				<key>version</key>
				<string>1</string>
			</dict>
		</array>
		<key>conjunction</key>
		<integer>1</integer>
		<key>group name</key>
		<string>Hall, Eric</string>
	</dict>
	<dict>
		<key>conditions</key>
		<array>
			<dict>
				<key>comparison</key>
				<integer>2</integer>
				<key>key</key>
				<string>Any Field</string>
				<key>value</key>
				<string>lecture notes</string>
				<key>version</key>
				<string>1</string>
			</dict>
		</array>
		<key>conjunction</key>
		<integer>0</integer>
		<key>group name</key>
		<string>lecture notes</string>
	</dict>
	<dict>
		<key>conditions</key>
		<array>
			<dict>
				<key>comparison</key>
				<integer>2</integer>
				<key>key</key>
				<string>BibTeX Type</string>
				<key>value</key>
				<string>book</string>
				<key>version</key>
				<string>1</string>
			</dict>
			<dict>
				<key>comparison</key>
				<integer>2</integer>
				<key>key</key>
				<string>BibTeX Type</string>
				<key>value</key>
				<string>incollection</string>
				<key>version</key>
				<string>1</string>
			</dict>
			<dict>
				<key>comparison</key>
				<integer>2</integer>
				<key>key</key>
				<string>Keywords</string>
				<key>value</key>
				<string>Notes</string>
				<key>version</key>
				<string>1</string>
			</dict>
		</array>
		<key>conjunction</key>
		<integer>1</integer>
		<key>group name</key>
		<string>reference books</string>
	</dict>
</array>
</plist>
}}
